<record><leader>01109cam a2200325 a 4500</leader><controlfield tag="001">1001983</controlfield><controlfield tag="008">880412s1985    enka     b      1 0 eng d</controlfield><datafield ind1=" " ind2=" " tag="010"><subfield code="a">   84235103</subfield></datafield><datafield ind1=" " ind2=" " tag="020"><subfield code="a">0852747772 (pbk.)</subfield></datafield><datafield ind1=" " ind2=" " tag="035"><subfield code="a">ocm12614253</subfield></datafield><datafield ind1=" " ind2=" " tag="040"><subfield code="a">DLC</subfield><subfield code="b">eng</subfield><subfield code="c">DLC</subfield></datafield><datafield ind1=" " ind2=" " tag="049"><subfield code="a">AEU</subfield><subfield code="b">eng</subfield></datafield><datafield ind1="0" ind2="0" tag="050"><subfield code="a">TJ223.T7</subfield><subfield code="b">S92 1985</subfield></datafield><datafield ind1="0" ind2=" " tag="082"><subfield code="a">621.37/9</subfield><subfield code="2">19</subfield></datafield><datafield ind1="0" ind2=" " tag="090"><subfield code="a">TJ 223 T7 S982 1985</subfield></datafield><datafield ind1="1" ind2=" " tag="100"><subfield code="a">Sydenham, P. H.</subfield></datafield><datafield ind1="1" ind2="0" tag="245"><subfield code="a">Transducers in measurement and control /</subfield><subfield code="c">Peter H. Sydenham.</subfield></datafield><datafield ind1=" " ind2=" " tag="250"><subfield code="a">3rd ed.</subfield></datafield><datafield ind1=" " ind2=" " tag="260"><subfield code="a">Bristol ;</subfield><subfield code="a">Boston :</subfield><subfield code="b">A. Hilger,</subfield><subfield code="c">c1985.</subfield></datafield><datafield ind1=" " ind2=" " tag="300"><subfield code="a">x, 114 p. :</subfield><subfield code="b">ill. ;</subfield><subfield code="c">28 cm.</subfield></datafield><datafield ind1=" " ind2=" " tag="336"><subfield code="a">text</subfield><subfield code="b">txt</subfield><subfield code="2">rdacontent</subfield></datafield><datafield ind1=" " ind2=" " tag="337"><subfield code="a">unmediated</subfield><subfield code="b">n</subfield><subfield code="2">rdamedia</subfield></datafield><datafield ind1=" " ind2=" " tag="338"><subfield code="a">volume</subfield><subfield code="b">nc</subfield><subfield code="2">rdacarrier</subfield></datafield><datafield ind1=" " ind2=" " tag="500"><subfield code="a">"First published as a series of articles in Electronics Today International 1972/73"--Verso t.p.</subfield></datafield><datafield ind1=" " ind2=" " tag="504"><subfield code="a">Includes bibliographies and index.</subfield></datafield><datafield ind1=" " ind2=" " tag="596"><subfield code="a">38</subfield></datafield><datafield ind1=" " ind2="0" tag="650"><subfield code="a">Transducers.</subfield></datafield><datafield ind1=" " ind2="0" tag="650"><subfield code="a">Automatic control.</subfield></datafield><datafield ind1=" " ind2="0" tag="650"><subfield code="a">Measurement.</subfield></datafield><datafield ind1=" " ind2=" " tag="926"><subfield code="a">TJ 223 T7 S982 1985</subfield><subfield code="w">LC</subfield><subfield code="c">1</subfield><subfield code="i">000024083594</subfield><subfield code="d">10/1/1997</subfield><subfield code="l">ON_SHELF</subfield><subfield code="m">UABARD</subfield><subfield code="n">9</subfield><subfield code="p">$150.00</subfield><subfield code="r">Y</subfield><subfield code="s">Y</subfield><subfield code="t">BOOK</subfield><subfield code="u">4/13/1988</subfield><subfield code="o">.STAFF. B0050351</subfield></datafield></record>